@book{textbook,
	title={{Synthesis and Techniques in Inorganic Chemistry}},
	author={Girolami, Gregory S and Rauchfuss, Thomas B and Angelici, Robert J},
	edition={3},
	year={1999},
	publisher={University Science Books}
}

@article{handout,
	title={{317 Lab Guide Handout ? -- ?}}
	author={Fout, Allison}
	year={2020}
}

@article{nmrtable,
  title={NMR chemical shifts of trace impurities: common laboratory solvents, organics, and gases in deuterated solvents relevant to the organometallic chemist},
  author={Fulmer, Gregory R and Miller, Alexander JM and Sherden, Nathaniel H and Gottlieb, Hugo E and Nudelman, Abraham and Stoltz, Brian M and Bercaw, John E and Goldberg, Karen I},
  journal={Organometallics},
  volume={29},
  number={9},
  pages={2176--2179},
  year={2010},
  publisher={ACS Publications}
}
