@phdthesis{alfahd2016synthesis,
  title={Synthesis of Ni (dppe) 2 and Nickel (I) Catalysts and their Ability to Catalyzed Cross-Coupling},
  author={Alfahd, Anfal},
  year={2016}
}

@article{jarrett1991nickel,
  title={Nickel (II) bis (phosphine) complexes},
  author={Jarrett, Penelope S and Sadler, Peter J},
  journal={Inorganic chemistry},
  volume={30},
  number={9},
  pages={2098--2104},
  year={1991},
  publisher={ACS Publications}
}
