@article{barfnmr,
  title={Sodium Tetrakis [(3, 5-trifluoromethyl) phenyl] borate (NaBArF24): Safe Preparation, Standardized Purification, and Analysis of Hydration},
  author={Yakelis, Neal A and Bergman, Robert G},
  journal={Organometallics},
  volume={24},
  number={14},
  pages={3579},
  year={2005},
  publisher={NIH Public Access}
}
