@article{cdse_intro,
  title={Semiconductor nanocrystals: a powerful visual aid for introducing the particle in a box},
  author={Kippeny, Tadd and Swafford, Laura A and Rosenthal, Sandra J},
  journal={Journal of Chemical Education},
  volume={79},
  number={9},
  pages={1094},
  year={2002},
  publisher={ACS Publications}
}

@article{cdse_synthesis,
  title={A safer, easier, faster synthesis for CdSe quantum dot nanocrystals},
  author={Nordell, Karen J and Boatman, Elizabeth M and Lisensky, George C},
  journal={Journal of Chemical Education},
  volume={82},
  number={11},
  pages={1697},
  year={2005},
  publisher={ACS Publications}
}

@article{nano_rev,
  title={Semiconductor clusters, nanocrystals, and quantum dots},
  author={Alivisatos, A Paul},
  journal={Science},
  volume={271},
  number={5251},
  pages={933--937},
  year={1996},
  publisher={American Association for the Advancement of Science}
}

@article{solar_1,
  title={Quantum dot solar cells. Semiconductor nanocrystals as light harvesters},
  author={Kamat, Prashant V},
  journal={The Journal of Physical Chemistry C},
  volume={112},
  number={48},
  pages={18737--18753},
  year={2008},
  publisher={ACS Publications}
}

@article{solar_2,
  title={Increasing solar absorption for photocatalysis with black hydrogenated titanium dioxide nanocrystals},
  author={Chen, Xiaobo and Liu, Lei and Peter, Y Yu and Mao, Samuel S},
  journal={Science},
  volume={331},
  number={6018},
  pages={746--750},
  year={2011},
  publisher={American Association for the Advancement of Science}
}

@article{solar_3,
  title={High efficiency carrier multiplication in PbSe nanocrystals: implications for solar energy conversion},
  author={Schaller, Richard D and Klimov, Victor I},
  journal={Physical Review Letters},
  volume={92},
  number={18},
  pages={186601},
  year={2004},
  publisher={APS}
}

@article{co2_1,
  title={Tailoring copper nanocrystals towards C2 products in electrochemical CO2 reduction},
  author={Loiudice, Anna and Lobaccaro, Peter and Kamali, Esmail A and Thao, Timothy and Huang, Brandon H and Ager, Joel W and Buonsanti, Raffaella},
  journal={Angewandte Chemie International Edition},
  volume={55},
  number={19},
  pages={5789--5792},
  year={2016},
  publisher={Wiley Online Library}
}

@article{co2_2,
  title={Photocatalytic CO2 reduction with H2O on TiO2 nanocrystals: Comparison of anatase, rutile, and brookite polymorphs and exploration of surface chemistry},
  author={Liu, Lianjun and Zhao, Huilei and Andino, Jean M and Li, Ying},
  journal={ACS Catalysis},
  volume={2},
  number={8},
  pages={1817--1828},
  year={2012},
  publisher={ACS Publications}
}

@article{bio_1,
  title={Semiconductor nanocrystals as fluorescent biological labels},
  author={Bruchez, Marcel and Moronne, Mario and Gin, Peter and Weiss, Shimon and Alivisatos, A Paul},
  journal={Science},
  volume={281},
  number={5385},
  pages={2013--2016},
  year={1998},
  publisher={American Association for the Advancement of Science}
}

@article{bio_2,
  title={Biocompatible quantum dots for biological applications},
  author={Rosenthal, Sandra J and Chang, Jerry C and Kovtun, Oleg and McBride, James R and Tomlinson, Ian D},
  journal={Chemistry \& Biology},
  volume={18},
  number={1},
  pages={10--24},
  year={2011},
  publisher={Elsevier}
}

@article{nano_elec,
  title={Electrical studies of semiconductor-nanocrystal colloids},
  author={Alivisatos, AP},
  journal={MRS Bulletin},
  volume={23},
  number={2},
  pages={18--23},
  year={1998},
  publisher={Cambridge University Press}
}

@article{peng_1,
  title={Formation of high-quality CdTe, CdSe, and CdS nanocrystals using CdO as precursor},
  author={Peng, Z Adam and Peng, Xiaogang},
  journal={Journal of the American Chemical Society},
  volume={123},
  number={1},
  pages={183--184},
  year={2001},
  publisher={ACS Publications}
}

@article{peng_2,
  title={Nearly monodisperse and shape-controlled CdSe nanocrystals via alternative routes: nucleation and growth},
  author={Peng, Z Adam and Peng, Xiaogang},
  journal={Journal of the American Chemical Society},
  volume={124},
  number={13},
  pages={3343--3353},
  year={2002},
  publisher={ACS Publications}
}

@article{peng_mechanism,
  title={Mechanisms of the shape evolution of CdSe nanocrystals},
  author={Peng, Z Adam and Peng, Xiaogang},
  journal={Journal of the American Chemical Society},
  volume={123},
  number={7},
  pages={1389--1395},
  year={2001},
  publisher={ACS Publications}
}

@book{semiconductor-text,
  title={Semiconductor Physics and Applications},
  author={Balkanski, Minko and Wallis, Richard Fisher and Wallis, Richard Fisher and others},
  volume={8},
  year={2000},
  publisher={Oxford University Press}
}

@article{excitons,
  title={Excitons},
  author={Liang, WY},
  journal={Physics Education},
  volume={5},
  number={4},
  pages={226},
  year={1970},
  publisher={IOP Publishing}
}

@article{exciton_energy,
  title={Electron--electron and electron-hole interactions in small semiconductor crystallites: The size dependence of the lowest excited electronic state},
  author={Brus, Louis E},
  journal={The Journal of Chemical Physics},
  volume={80},
  number={9},
  pages={4403--4409},
  year={1984},
  publisher={American Institute of Physics}
}

@article{jce-1,
  title={Semiconductor nanocrystals: a powerful visual aid for introducing the particle in a box},
  author={Kippeny, Tadd and Swafford, Laura A and Rosenthal, Sandra J},
  journal={Journal of Chemical Education},
  volume={79},
  number={9},
  pages={1094},
  year={2002},
  publisher={ACS Publications}
}

@article{jce-2,
  title={A safer, easier, faster synthesis for CdSe quantum dot nanocrystals},
  author={Nordell, Karen J and Boatman, Elizabeth M and Lisensky, George C},
  journal={Journal of Chemical Education},
  volume={82},
  number={11},
  pages={1697},
  year={2005},
  publisher={ACS Publications}
}

@article{ostwald,
  title={The theory of Ostwald ripening},
  author={Voorhees, Peter W},
  journal={Journal of Statistical Physics},
  volume={38},
  number={1-2},
  pages={231--252},
  year={1985},
  publisher={Springer}
}
