@book{textbook,
	title={{Synthesis and Techniques in Inorganic Chemistry}},
	author={Girolami, Gregory S and Rauchfuss, Thomas B and Angelici, Robert J},
	edition={3},
	year={1999},
	publisher={University Science Books}
}

@article{nmrtable,
  title={NMR chemical shifts of trace impurities: common laboratory solvents, organics, and gases in deuterated solvents relevant to the organometallic chemist},
  author={Fulmer, Gregory R and Miller, Alexander JM and Sherden, Nathaniel H and Gottlieb, Hugo E and Nudelman, Abraham and Stoltz, Brian M and Bercaw, John E and Goldberg, Karen I},
  journal={Organometallics},
  volume={29},
  number={9},
  pages={2176--2179},
  year={2010},
  publisher={ACS Publications}
}

@book{ni-book,
	title={{The Organic Chemistry of Nickel}},
	author={Jolly, P W and Wilke, G},
	volume={I: Organonickel Complexes},
	chapter={VIII: Cyclopentadienyl Nickel Complexes},
	year={1974}
}

@article{ni-paper,
  title={Bis-cyclopentadienyl Compounds of Nickel and Cobalt},
  author={Wilkinson, G and Pauson, PL and Cotton, FA},
  journal={Journal of the American Chemical Society},
  volume={76},
  number={7},
  pages={1970--1974},
  year={1954},
  publisher={ACS Publications}
}

